% Journal shortcuts
@STRING{AISTATS = {AISTATS}}

@STRING{AOS = {Ann. Statist.}}

@STRING{AAS = {Ann. Appl. Stat.}}

@STRING{COLT = {COLT}}

@STRING{CVPR = {CVPR}}

@STRING{ICCV = {ICCV}}

@STRING{ICIP = {ICIP}}

@STRING{ICASSP = {ICASSP}}

@STRING{ICML = {ICML}}

@STRING{ICIKM = {ICIKM}}

@STRING{IEEE_J_PAMI = {{IEEE} Trans. Pattern Anal. Mach. Intell.}}

@STRING{IEEE_J_GRS = {{IEEE} Trans. Geosci. Remote Sens.}}

@STRING{IEEE_J_IP = {{IEEE} Trans. Image Process.}}

@STRING{IEEE_J_IT = {{IEEE} Trans. Inf. Theory}}

@STRING{IEEE_J_MI = {{IEEE} Trans. Med. Imag.}}

@STRING{IEEE_J_TSP = {{IEEE} Trans. Signal Process.}}

@STRING{IEEE_J_TSPL = {{IEEE} Trans. Signal Process. Lett.}}

@string{IEEE_J_TAC = {IEEE Trans. Autom. Control}}

@STRING{EJS = {Electron. J. Stat.}}

@STRING{IJCV = {Int. J. Comput. Vision}}

@STRING{JASA = {J. Amer. Statist. Assoc.}}

@STRING{JMLR = {J. Mach. Learn. Res.}}

@STRING{JRSSB = {J. R. Stat. Soc. Ser. B Stat. Methodol.}}

@STRING{JRSSC = {J. R. Stat. Soc. Ser. C. Appl. Stat.}}

@STRING{MMS = {Math. Methods Statist.}}

@STRING{NIPS = {NIPS}}

@STRING{PTRF = {Probab. Theory Related Fields}}

@STRING{JSS = {J. Stat. Softw.}}

@STRING{SS = {Statist. Sci.}}

@STRING{ACHA = {Appl. Comput. Harmon. Anal.}}

@STRING{SIIMS = {SIAM J. Imaging Sci.}}

@STRING{SIAMOPT = {SIAM J. Optim.}}

@STRING{OPTTHEORY = {J. Optimiz. Theory. App.}}

% double names shortcuts
% Beware such shortcuts might conflict with beamer + biber
@preamble{ {\providecommand{\AC}{A.-C}} }
@preamble{ {\providecommand{\CA}{C.-A}} }
@preamble{ {\providecommand{\CH}{C.-H}} }
@preamble{ {\providecommand{\CN}{C.-N}} }
@preamble{ {\providecommand{\CC}{C.-C}} }
@preamble{ {\providecommand{\CJ}{C.-J}} }
@preamble{ {\providecommand{\HJ}{H.-J}} }
@preamble{ {\providecommand{\HY}{H.-Y}} }
@preamble{ {\providecommand{\JC}{J.-C}} }
@preamble{ {\providecommand{\JP}{J.-P}} }
@preamble{ {\providecommand{\JB}{J.-B}} }
@preamble{ {\providecommand{\JF}{J.-F}} }
@preamble{ {\providecommand{\JJ}{J.-J}} }
@preamble{ {\providecommand{\JM}{J.-M}} }
@preamble{ {\providecommand{\KW}{K.-W}} }
@preamble{ {\providecommand{\KR}{K.-R}} }
@preamble{ {\providecommand{\PL}{P.-L}} }
@preamble{ {\providecommand{\RE}{R.-E}} }
@preamble{ {\providecommand{\SJ}{S.-J}} }
@preamble{ {\providecommand{\XR}{X.-R}} }
@preamble{ {\providecommand{\WX}{W.-X}} }
@preamble{ {\providecommand{\PL}{P.-L}} }
@preamble{ {\providecommand{\YX}{Y.-X}} }
@book{adams1995hitchhiker,
  title={The Hitchhiker's Guide to the Galaxy},
  author={Adams, D.},
  isbn={9781417642595},
  url={http://books.google.com/books?id=W-xMPgAACAAJ},
  year={1995},
  publisher={San Val}
}

@inproceedings{LeMorvan_Vert18,
  author    = {M. {Le Morvan} and
               {\JP}. Vert},
  title     = {WHInter: {A} Working set algorithm for High-dimensional sparse second order Interaction models},
  booktitle = ICML,
  pages     = {3632--3641},
  year      = {2018},
}

@inproceedings{Nakagawa_Suzumura_Karasuyama_Tsuda_Takeuchi16,
title={Safe pattern pruning: An efficient approach for predictive pattern mining},
author={K. Nakagawa and S. Suzumura and M. Karasuyama and K. Tsuda and I. Takeuchi},
booktitle={Proceedings of the 22nd ACM SIGKDD International Conference on Knowledge Discovery and Data Mining},
pages={1785--1794},
year={2016},
organization={ACM}
}

@article{Bien_Taylor_Tibshirani13,
  title={A lasso for hierarchical interactions},
  author={J. Bien and J. Taylor and R. Tibshirani},
  journal=AOS,
  volume={41},
  number={3},
  pages={1111--1141},
  year={2013},
  publisher={Institute of Mathematical Statistics}
}

@article{Radchenko_James10,
 author = {P. Radchenko and G. M. James},
 journal = JASA,
 number = {492},
 pages = {1541--1553},
 title = {Variable Selection Using Adaptive Nonlinear Interaction Structures in High Dimensions},
 volume = {105},
 year = {2010}
}

@inproceedings{Rendle10,
  title={Factorization machines},
  author={S. Rendle},
  booktitle={Data Mining (ICDM), 2010 IEEE 10th International Conference on},
  pages={995--1000},
  year={2010},
  organization={IEEE}
}


@INPROCEEDINGS{Pan_Etal_16,
author={Z. {Pan} and E. {Chen} and Q. {Liu} and T. {Xu} and H. {Ma} and H. {Lin}},
booktitle={Data Mining (ICDM), 2016 IEEE 16th International Conference on},
title={Sparse Factorization Machines for Click-through Rate Prediction},
year={2016},
pages={400--409},
}


@inproceedings{Massias_Gramfort_Salmon18,
  author    = {M. Massias and A. Gramfort and J. Salmon},
    title = "{Celer: a Fast Solver for the Lasso with Dual Extrapolation}",
  booktitle = {ICML},
     year = 2018,
}

@book{Beck17,
  title={First-Order Methods in Optimization},
  author={A. Beck},
  volume={25},
  year={2017},
  publisher={SIAM}
}

@book{Hiriart-Urruty_Lemarechal01,
title={Fundamentals of convex analysis},
author={ {J.-B}. Hiriart-Urruty and C. Lemar{\'e}chal },
year={cop. 2001},
publisher = {Springer-Verlag},
ISSN = {1618-2685}
}

@ARTICLE{ElGhaoui_Viallon_Rabbani12,
  author = {L. {El Ghaoui} and V. Viallon and T. Rabbani},
  title = {Safe feature elimination in sparse supervised learning},
  journal = {J. Pacific Optim.},
  year = {2012},
  volume = {8},
  pages = {667--698},
  number = {4}
}

@INPROCEEDINGS{Fercoq_Gramfort_Salmon15,
  author = {O. Fercoq and A. Gramfort and J. Salmon},
  title = {Mind the duality gap: safer rules for the lasso},
  booktitle = ICML,
  pages ={333--342},
  year = {2015}
}

@INPROCEEDINGS{Johnson_Guestrin15,
  author = {T. B. Johnson and C. Guestrin},
  title = {Blitz: A Principled Meta-Algorithm for Scaling Sparse Optimization},
  booktitle = ICML,
  pages     = {1171--1179},
  year = {2015},
}

@article{Ioffe_Szegedy15,
  title={Batch normalization: Accelerating deep network training by reducing internal covariate shift},
  author={S. Ioffe and C. Szegedy},
  journal={arXiv preprint arXiv:1502.03167},
  year={2015}
}

@article{Fercoq_Bianchi19,
title = {A Coordinate Descent Primal-Dual Algorithm with Large Step Size and Possibly Non-Separable Functions},
author = {O. Fercoq and P. Bianchi},
journal = SIAMOPT,
year = {2019},
volume = {29 (1)},
pages = {100-134}
}

@ARTICLE{Tibshirani96,
  AUTHOR = {R. Tibshirani},
   TITLE = {Regression Shrinkage and Selection via the Lasso},
   JOURNAL = JRSSB,
  FJOURNAL = {Journal of the Royal Statistical Society. Series B.
              Methodological},
    VOLUME = {58},
      YEAR = {1996},
    NUMBER = {1},
     PAGES = {267--288},
}

@article{Vandel_Cassan_Lebre_Lecellier_Brehelin19,
title = {Probing transcription factor combinatorics in different promoter classes and in enhancers},
author = {J. Vandel and O. Cassan and S. Lèbre and C. H. Lecellier and L. Bréhélin},
journal = {BMC Genomics},
year = {2019},
volume = {20},
number = {1},
page = {103}
}


@book{Hastie_Tibshirani_Friedman_09,
title = {The Elements of Statistical Learning : Data Mining, Inference, and Prediction. Second Edition},
author = {T. Hastie and R. Tibshirani and J. Friedman},
publisher = {Springer},
year = {2009},
series ={Springer Series in Statistics}
}

@book{Boyd_Vandenberghe04,
  title = {Convex optimization},
  publisher = {Cambridge University Press},
  year = {2004},
  author = {S. Boyd and L. Vandenberghe},
  pages = {xiv+716},
}

@book{Bertsimas_TsiTsiklis_97,
title = {Introduction to linear optimization},
author = {D. Bertsimas and J. N. Tsitsiklis},
publisher = {Athena Scientific, Belmont, Massachusetts},
year = {1997}
}


@article{scikit-learn,
 title={Scikit-learn: Machine Learning in {P}ython},
 author={Pedregosa, F. and Varoquaux, G. and Gramfort, A. and Michel, V.
         and Thirion, B. and Grisel, O. and Blondel, M. and Prettenhofer, P.
         and Weiss, R. and Dubourg, V. and Vanderplas, J. and Passos, A. and
         Cournapeau, D. and Brucher, M. and Perrot, M. and Duchesnay, E.},
 journal={Journal of Machine Learning Research},
 volume={12},
 pages={2825--2830},
 year={2011}
}


@Misc{Scipy_11,
  author =    {Eric Jones and Travis Oliphant and Pearu Peterson and others},
  title =     {{SciPy}: Open source scientific tools for {Python}},
  year =      {2001--},
  url = "http://www.scipy.org/",
  note = {[Online; accessed <today>]}
}

@misc{michael_waskom_2018_1313201,
  author       = {Michael Waskom and
                  Olga Botvinnik and
                  Drew O'Kane and
                  Paul Hobson and
                  Joel Ostblom and
                  Saulius Lukauskas and
                  David C Gemperline and
                  Tom Augspurger and
                  Yaroslav Halchenko and
                  John B. Cole and
                  Jordi Warmenhoven and
                  Julian de Ruiter and
                  Cameron Pye and
                  Stephan Hoyer and
                  Jake Vanderplas and
                  Santi Villalba and
                  Gero Kunter and
                  Eric Quintero and
                  Pete Bachant and
                  Marcel Martin and
                  Kyle Meyer and
                  Alistair Miles and
                  Yoav Ram and
                  Thomas Brunner and
                  Tal Yarkoni and
                  Mike Lee Williams and
                  Constantine Evans and
                  Clark Fitzgerald and
                  Brian and
                  Adel Qalieh},
  title        = {mwaskom/seaborn: v0.9.0 (July 2018)},
  month        = jul,
  year         = 2018,
  doi          = {10.5281/zenodo.1313201},
  url          = {https://doi.org/10.5281/zenodo.1313201}
}

@article{Wasserman_Sandelin_04,
author = {Wasserman, Wyeth W. and Sandelin, Albin},
title = {Applied bioinformatics for the identification of regulatory elements},
journal = {Nature Reviews Genetics},
year = {2004},
volume= {5},
number = {4},
pages = {276--87}
}

@article{Deledalle_Papadakis_Salmon_Vaiter16,
 author = {C.-A. Deledalle and N. Papadakis and J. Salmon and S. Vaiter},
 journal = {SIAM J. Imaging Sci.},
 number = {1},
 pages = {243-284},
 pdf = {http://josephsalmon.eu/papers/CLEAR.pdf},
 title = {{CLEAR: Covariant LEAst-square Re-fitting with applications to image restoration}},
 volume = {10},
 year = {2017}
}


@inproceedings{Johnson_Guestrin17,
      title = {{S}tingy{CD}: Safely Avoiding Wasteful Updates in Coordinate Descent},
     author = {T. B. Johnson and C. Guestrin},
      booktitle = ICML,
      pages = {1752--1760},
       year = {2017},
}

@article{Zou_Hastie05,
      title = {Regularization and variable selection via the elastic net},
     author = {H. Zou and T. J. Hastie},
    journal = JRSSB,
     volume = {67},
     number = {2},
      pages = {301--320},
       year = {2005},
  publisher = {Wiley Online Library}
}

@article{Friedman_Hastie_Hofling_Tibshirani07,
   author = {J. Friedman and T. J. Hastie and H. H{\"o}fling and R. Tibshirani},
    title = {Pathwise coordinate optimization},
  journal = AAS,
     year = {2007},
   volume = {1},
    pages = {302--332},
   number = {2},
}


@article{Friedman_Hastie_Tibshirani10,
      title = {Regularization paths for generalized linear models via coordinate descent},
     author = {J. Friedman and T. J. Hastie and R. Tibshirani},
    journal = JSS,
     volume = {33},
     number = {1},
      pages = {1--22},
       year = {2010},
  publisher = {NIH Public Access}
}


@article{Hoerl_Kennard70,
    title = {Ridge regression: Biased estimation for nonorthogonal problems},
   author = {A. E. Hoerl and R. W. Kennard},
  journal = {Technometrics},
   volume = {12},
   number = {1},
    pages = {55--67},
     year = {1970},
}


@article{Tikhonov43,
   author = {A. N. Tikhonov},
    title = {On the stability of inverse problems},
  journal = {Dokl. Akad. Nauk SSSR},
     year = {1943},
   volume = {39},
    pages = {176--179}
}


@phdthesis{Salmon17,
     author = {J. Salmon},
      title = {On high dimensional regression: computational and statistical perspectives},
     school = {ENS Paris-Saclay},
       type = {Habilitation à diriger des recherches},
       year = {2017},
        pdf = {http://josephsalmon.eu/papers/HDR.pdf}
  }

@article{Pedregosa_etal11,
    title = {Scikit-learn: Machine Learning in {P}ython},
   author = {F. Pedregosa and G. Varoquaux and A. Gramfort and V. Michel and B. Thirion and O. Grisel and  M. Blondel and P. Prettenhofer and R. Weiss and V. Dubourg and J. Vanderplas and A. Passos and D. Cournapeau and M. Brucher and M. Perrot and E. Duchesnay},
  journal = JMLR,
   volume = {12},
    pages = {2825--2830},
     year = {2011}
}

@article{Buhlmann_Mandozzi13,
	author = {P. B{\"u}hlmann and J. Mandozzi},
	title = {High-dimensional variable screening and biais in subsequent inference, with an empirical comparison},
 journal={Computational Statistics},
  volume={29},
  number={3},
  pages={407--430},
  year={2014},
}

@inproceedings{Bascou_Lebre_Salmon20,
 author = {F. Bascou and S. Lèbre and J. Salmon},
 booktitle = {Journées de Statistique},
 pdf = {http://josephsalmon.eu/papers/JDS2020.pdf},
 title = {Debiasing the Elastic Net for models with interactions},
 year = {2020}
}

@InProceedings{Bertrand_Klopfenstein_Blondel_Vaiter_Gramfort_Salmon20,
     author = {Q. Bertrand and Q. Klopfenstein and M. Blondel and S. Vaiter and A. Gramfort and J. Salmon},
      title = {Implicit differentiation of Lasso-type models for hyperparameter optimization},
       year = {2020},
  booktitle = {ICML},
        pdf = {https://arxiv.org/pdf/2002.08943.pdf},
    comment = {<a href="https://github.com/QB3/sparse-ho"> [Code]</a> },
}


@article{Bessiere_Taha_Petitprez_Vandel_Marin_Brehelin_Lebre_Lecellier,
    author = {Bessière, Chloé AND Taha, May AND Petitprez, Florent AND Vandel, Jimmy AND Marin, Jean-Michel AND Bréhélin, Laurent AND Lèbre, Sophie AND Lecellier, Charles-Henri},
    journal = {PLOS Computational Biology},
    publisher = {Public Library of Science},
    title = {Probing instructions for expression regulation in gene nucleotide compositions},
    year = {2018},
    month = {01},
    volume = {14},
    pages = {1-28},
    abstract = {Author summary Identifying a maximum of DNA determinants implicated in gene regulation will accelerate genetic analyses and precision medicine approaches by identifying key gene features. In that context decoding the sequence-level instructions for gene regulation is of prime importance. Among global efforts to achieve this objective, we propose a novel approach able to explain gene expression in each patient sample using only DNA features. Our approach, which is as accurate as methods based on epigenetics data, reveals a strong influence of the nucleotide content of gene body sequences, in particular introns. In contrast to canonical regulations mediated by specific DNA motifs, our model unveils a contribution of global nucleotide content notably in co-regulations associated with genome 3D architecture and to associations of genes within topologically associated domains. Overall our study confirms and takes advantage of the existence of sequence-level instructions for gene expression, which lie in genomic regions largely underestimated in regulatory genomics but which appear to be linked to chromatin architecture.},
    number = {1},
}
    doi = {10.1371/journal.pcbi.1005921}
    url = {https://doi.org/10.1371/journal.pcbi.1005921},

@book{Tukey77,
      title = {Exploratory data analysis},
     author = {J. W. Tukey},
       year = {1977},
  publisher = {Addison-Wesley Publishing Company}
}

@article{Osher_Burger_Goldfarb_Xu_Yin05,
      title = {An iterative regularization method for total variation-based image restoration},
     author = {S. Osher and M. Burger and D. Goldfarb and J. Xu and W. Yin},
    journal = {Multiscale Model. Simul.},
     volume = {4},
     number = {2},
      pages = {460--489},
       year = {2005},
  publisher = {SIAM}
}


@article{Kim_Koh_Lustig_Boyd_Gorinevsky07,
      title = {An interior-point method for large-scale {$\ell_1$}-regularized least squares},
     author = {\SJ. Kim and K. Koh and M. Lustig and S. Boyd and D. Gorinevsky},
    journal = {IEEE J. Sel. Topics Signal Process.},
     volume = {1},
     number = {4},
      pages = {606--617},
       year = {2007},
  publisher = {IEEE}
}

@article{Xiang_Wang_Ramadge14,
      title = {Screening tests for lasso problems},
     author = {Z. J. Xiang and Y. Wang and P. J. Ramadge},
    journal = IEEE_J_PAMI,
     volume = {PP},
     number = {99},
       year = {2016},
}

@article{Ndiaye_Fercoq_Gramfort_Salmon17,
     author = {E. Ndiaye and O. Fercoq and A. Gramfort and J. Salmon},
      title = {Gap Safe screening rules for sparsity enforcing penalties},
       year = {2017},
     volume = {18},
    journal = JMLR,
     number = {128},
      pages = {1--33},
}

@inproceedings{Bonnefoy_Emiya_Ralaivola_Gribonval14,
      title = {A dynamic screening principle for the lasso},
     author = {A. Bonnefoy and V. Emiya and L. Ralaivola and R. Gribonval},
       year = {2014},
      pages = {6--10},
  booktitle = {EUSIPCO},
}

@article{Bonnefoy_Emiya_Ralaivola_Gribonval15,
     author = {A. Bonnefoy and V. Emiya and L. Ralaivola and R. Gribonval},
      title = "{Dynamic screening: accelerating first-order algorithms for the Lasso and Group-Lasso}",
    journal = IEEE_J_TSP,
     volume = {63},
     number = {19},
      pages = {20},
       year = {2015},
}

@article{Fan_Chang_Hsieh_Wang_Lin08,
      title = {LIBLINEAR: A library for large linear classification},
     author = {\RE. Fan and \KW. Chang and \CJ. Hsieh and \XR. Wang and \CJ. Lin},
    journal = JMLR,
     volume = {9},
      pages = {1871--1874},
       year = {2008},
}

@inproceedings{Boisbunon_Flamary_Rakotomamonjy14,
     author = {A. Boisbunon and R. Flamary and A. Rakotomamonjy},
      title = {Active set strategy for high-dimensional non-convex sparse optimization problems},
  booktitle = ICASSP,
      pages = {1517--1521},
       year = {2014}
}

@inproceedings{Massias_Gramfort_Salmon17,
     author = {M. Massias and A. Gramfort and J. Salmon},
      title = {From safe screening rules to working sets for faster Lasso-type solvers},
  booktitle = {NIPS-OPT},
       year = {2017},
}

@inproceedings{Kim_Park10,
     author = {J. Kim and H. Park},
  booktitle = AISTATS,
      pages = {397--404},
       year = {2010},
      title = {Fast Active-set-type Algorithms for L1-regularized Linear Regression.},
}


@article{Obozinski_Taskar_Jordan10,
     author = {G. Obozinski and B. Taskar and M. I. Jordan},
      title = {Joint covariate selection and joint subspace selection for multiple classification problems},
    journal = {Statistics and Computing},
       year = {2010},
     volume = {20},
     number = {2},
      pages = {231--252},
}


@article{Parikh14,
    author = {Parikh, Neal and Boyd, Stephen},
     title = {Proximal Algorithms},
      year = {2014},
    volume = {1},
    number = {3},
   journal = {Found. Trends Optim.},
     pages = {127--239},
}

@book{vandebril07,
      title = {Matrix computations and semiseparable matrices: linear systems},
     author = {Vandebril, Raf and Van Barel, Marc and Mastronardi, Nicola},
     volume = {1},
       year = {2007},
  publisher = {JHU Press}
}

@article{golub2000eigenvalue,
      title = {Eigenvalue computation in the 20th century},
     author = {Golub, Gene H and Van der Vorst, Henk A},
    journal = {Journal of Computational and Applied Mathematics},
     volume = {123},
     number = {1-2},
      pages = {35--65},
       year = {2000},
  publisher = {Elsevier}
}

@phdthesis{massias2019sparse,
  title={Sparse high dimensional regression in the presence of colored heteroscedastic noise: application to M/EEG source imaging},
  author={Massias, Mathurin},
  year={2019},
  school={Telecom Paristech}
}

@misc{nakkiran2020optimal,
      title={Optimal Regularization Can Mitigate Double Descent},
      author={Preetum Nakkiran and Prayaag Venkat and Sham Kakade and Tengyu Ma},
      year={2020},
      publisher={arXiv},
}

@phdthesis{Fazel02,
   title = {Matrix rank minimization with applications},
     author = {M. Fazel},
    year = {2002},
  school = {Stanford University}
}

@inproceedings{srebro2005maximum,
  title={Maximum-margin matrix factorization},
  author={Srebro, Nathan and Rennie, Jason and Jaakkola, Tommi S},
  booktitle={Advances in neural information processing systems},
  pages={1329--1336},
  year={2005}
}

@article{wager2013dropout,
  title={Dropout training as adaptive regularization},
  author={Wager, Stefan and Wang, Sida and Liang, Percy},
  journal={arXiv preprint arXiv:1307.1493},
  year={2013}
}

@article{srivastava2014dropout,
  title={Dropout: a simple way to prevent neural networks from overfitting},
  author={Srivastava, Nitish and Hinton, Geoffrey and Krizhevsky, Alex and Sutskever, Ilya and Salakhutdinov, Ruslan},
  journal={The journal of machine learning research},
  volume={15},
  number={1},
  pages={1929--1958},
  year={2014},
  publisher={JMLR. org}
}

@misc{chollet2018deep,
  title={Deep Learning with R, Ch. 5.4},
  author={Chollet, Fran{\c{c}}ois and Allaire, Joseph J},
  year={2018},
  publisher={Shelter Island: Manning Publications Company}
}

@article{hastie2015matrix,
  title={Matrix completion and low-rank SVD via fast alternating least squares},
  author={Hastie, Trevor and Mazumder, Rahul and Lee, Jason D and Zadeh, Reza},
  journal={The Journal of Machine Learning Research},
  volume={16},
  number={1},
  pages={3367--3402},
  year={2015},
  publisher={JMLR. org}
}

@article{golub1979generalized,
  title={Generalized cross-validation as a method for choosing a good ridge parameter},
  author={Golub, Gene H and Heath, Michael and Wahba, Grace},
  journal={Technometrics},
  volume={21},
  number={2},
  pages={215--223},
  year={1979},
  publisher={Taylor \& Francis Group}
}

@inproceedings{scholkopf2001generalized,
  title={A generalized representer theorem},
  author={Sch{\"o}lkopf, Bernhard and Herbrich, Ralf and Smola, Alex J},
  booktitle={International conference on computational learning theory},
  pages={416--426},
  year={2001},
  organization={Springer}
}